@electronic{checkup,
  author        = "Sarah Yang",
  title         = "Baby's Checkup Schedule",
  url           = "https://www.thebump.com/a/new-baby-doctor-visit-checklist",
}
@electronic{cost,
	author        = "HOWMUCHISIT.ORG STAFF",
	title         = "How Much Does a Well-Baby Doctor Visit Cost?",
	url           = "https://www.howmuchisit.org/how-much-does-a-well-baby-doctor-visit-cost/",
  month         = nov,
  year          = "2017"
}
@electronic{births,
	author        = "U.S. Department of Health and Human Services",
	title         = "Births and Natality",
	url           = "https://www.cdc.gov/nchs/fastats/births.htm",
  year          = "2017"
}
